<record><leader>00000cas a22000007a 4500</leader><controlfield tag="001">34066718</controlfield><controlfield tag="008">960123d19542015sduwr ne      0    0eng d</controlfield><datafield ind1=" " ind2=" " tag="010"><subfield code="a">sn 95076636 </subfield></datafield><datafield ind1=" " ind2=" " tag="040"><subfield code="a">SXN</subfield><subfield code="b">eng</subfield><subfield code="c">SXN</subfield><subfield code="d">OCLCQ</subfield><subfield code="d">OCLCF</subfield><subfield code="d">OCLCO</subfield><subfield code="d">DLC</subfield></datafield><datafield ind1=" " ind2=" " tag="042"><subfield code="a">msc</subfield></datafield><datafield ind1=" " ind2=" " tag="043"><subfield code="a">n-us-sd</subfield></datafield><datafield ind1="0" ind2="0" tag="245"><subfield code="a">Isabel Dakotan.</subfield></datafield><datafield ind1="1" ind2=" " tag="246"><subfield code="i">Issues for Oct. 21, 1976-Nov. 11, 1976 published as:</subfield><subfield code="a">Dakotan</subfield></datafield><datafield ind1=" " ind2=" " tag="260"><subfield code="a">McIntosh, S.D. :</subfield><subfield code="b">Merle E. Lofgren</subfield></datafield><datafield ind1=" " ind2=" " tag="300"><subfield code="a">v.</subfield></datafield><datafield ind1=" " ind2=" " tag="310"><subfield code="a">Weekly</subfield></datafield><datafield ind1="0" ind2=" " tag="362"><subfield code="a">Vol. 1, no. 1 (Mar. 18, 1954)-</subfield></datafield><datafield ind1="1" ind2=" " tag="362"><subfield code="a">Ceased in 2015.</subfield></datafield><datafield ind1=" " ind2=" " tag="500"><subfield code="a">Published in: McIntosh, 1954-Dec. 29, 1955; and in: Isabel, Jan. 5, 1956-</subfield></datafield><datafield ind1=" " ind2=" " tag="530"><subfield code="a">Available on microfilm from: State Archives, South Dakota State Historical Society.</subfield></datafield><datafield ind1=" " ind2="0" tag="651"><subfield code="a">Isabel (S.D.)</subfield><subfield code="v">Newspapers.</subfield></datafield><datafield ind1=" " ind2="0" tag="651"><subfield code="a">Dewey County (S.D.)</subfield><subfield code="v">Newspapers.</subfield></datafield><datafield ind1=" " ind2="7" tag="651"><subfield code="a">South Dakota</subfield><subfield code="z">Dewey County.</subfield><subfield code="2">fast</subfield><subfield code="0">(OCoLC)fst01208490</subfield></datafield><datafield ind1=" " ind2="7" tag="651"><subfield code="a">South Dakota</subfield><subfield code="z">Isabel.</subfield><subfield code="2">fast</subfield><subfield code="0">(OCoLC)fst01288148</subfield></datafield><datafield ind1=" " ind2="7" tag="655"><subfield code="a">Newspapers.</subfield><subfield code="2">fast</subfield><subfield code="0">(OCoLC)fst01423814</subfield></datafield><datafield ind1=" " ind2=" " tag="752"><subfield code="a">United States</subfield><subfield code="b">South Dakota</subfield><subfield code="c">Dewey</subfield><subfield code="d">Isabel.</subfield></datafield><datafield ind1=" " ind2=" " tag="752"><subfield code="a">United States</subfield><subfield code="b">South Dakota</subfield><subfield code="c">Corson</subfield><subfield code="d">McIntosh.</subfield></datafield><datafield ind1="0" ind2="5" tag="780"><subfield code="t">This 'n that (Isabel, S.D.)</subfield></datafield><datafield ind1="0" ind2="4" tag="785"><subfield code="t">Timber Lake topic</subfield><subfield code="x">2470-668X</subfield><subfield code="w">(DLC)sn 95076639</subfield><subfield code="w">(OCoLC)34068932</subfield></datafield><datafield ind1="1" ind2=" " tag="029"><subfield code="a">AU@</subfield><subfield code="b">000025863788</subfield></datafield></record>